<record><leader>00000cas a2200000 a 4500</leader><controlfield tag="001">9874676</controlfield><controlfield tag="008">830902d18331858nyuwr ne      0    0eng c</controlfield><datafield ind1=" " ind2=" " tag="010"><subfield code="a">sn 83031401 </subfield></datafield><datafield ind1=" " ind2=" " tag="040"><subfield code="a">NPU</subfield><subfield code="b">eng</subfield><subfield code="c">NPU</subfield><subfield code="d">OCL</subfield><subfield code="d">NPX</subfield><subfield code="d">DLC</subfield><subfield code="d">NPX</subfield><subfield code="d">NYG</subfield><subfield code="d">NPH</subfield><subfield code="d">NYS</subfield><subfield code="d">OCL</subfield><subfield code="d">DLC</subfield><subfield code="d">UKMGB</subfield><subfield code="d">OCLCQ</subfield><subfield code="d">OCLCF</subfield><subfield code="d">OCLCO</subfield></datafield><datafield ind1=" " ind2=" " tag="012"><subfield code="b">3</subfield></datafield><datafield ind1="7" ind2=" " tag="016"><subfield code="a">013914623</subfield><subfield code="2">Uk</subfield></datafield><datafield ind1=" " ind2=" " tag="019"><subfield code="a">2267395</subfield></datafield><datafield ind1="1" ind2=" " tag="029"><subfield code="a">AU@</subfield><subfield code="b">000020127515</subfield></datafield><datafield ind1=" " ind2=" " tag="042"><subfield code="a">pcc</subfield></datafield><datafield ind1=" " ind2=" " tag="043"><subfield code="a">n-us-ny</subfield></datafield><datafield ind1="0" ind2="0" tag="050"><subfield code="a">Newspaper 8829-X</subfield></datafield><datafield ind1="0" ind2=" " tag="130"><subfield code="a">St. Lawrence Republican (Ogdensburg, N.Y.)</subfield></datafield><datafield ind1="1" ind2="0" tag="245"><subfield code="a">St. Lawrence Republican.</subfield></datafield><datafield ind1="3" ind2="0" tag="246"><subfield code="a">Saint Lawrence Republican</subfield></datafield><datafield ind1=" " ind2=" " tag="260"><subfield code="a">Ogdensburgh, N.Y. :</subfield><subfield code="b">Samuel Hoard,</subfield><subfield code="c">1833-1858.</subfield></datafield><datafield ind1=" " ind2=" " tag="300"><subfield code="a">v. ;</subfield><subfield code="c">52-75 cm.</subfield></datafield><datafield ind1=" " ind2=" " tag="310"><subfield code="a">Weekly</subfield></datafield><datafield ind1="0" ind2=" " tag="362"><subfield code="a">Vol. 3, no. 21 (May 21, 1833)-v. 28, no. 52 (Nov. 23, 1858).</subfield></datafield><datafield ind1=" " ind2=" " tag="500"><subfield code="a">Editors: Franklin B. Hitchcock, &lt;1844-1845&gt;, &lt;1852-1855&gt;; Henry M. Smith, &lt;1844-1851&gt;; William N. Oswell, &lt;1851&gt;; Matthew W. Tillotson, &lt;1852-1855&gt;; John A. Haddock, &lt;1855&gt;.</subfield></datafield><datafield ind1=" " ind2=" " tag="500"><subfield code="a">Publishers: Hitchcock &amp; Smith, &lt;1837-1845&gt;; Smith &amp; Oswell, &lt;1851&gt;; Hitchcock &amp; Tillotson, &lt;1852&gt;-1855; Hitchcock, Tillotson &amp; Haddock, &lt;1855&gt;.</subfield></datafield><datafield ind1=" " ind2=" " tag="500"><subfield code="a">"Democratic."</subfield></datafield><datafield ind1=" " ind2="0" tag="651"><subfield code="a">Ogdensburg (N.Y.)</subfield><subfield code="v">Newspapers.</subfield></datafield><datafield ind1=" " ind2="0" tag="651"><subfield code="a">Saint Lawrence County (N.Y.)</subfield><subfield code="v">Newspapers.</subfield></datafield><datafield ind1=" " ind2="7" tag="655"><subfield code="a">Newspapers.</subfield><subfield code="2">fast</subfield><subfield code="0">(OCoLC)fst01423814</subfield></datafield><datafield ind1=" " ind2="7" tag="651"><subfield code="a">New York (State)</subfield><subfield code="z">Ogdensburg.</subfield><subfield code="2">fast</subfield><subfield code="0">(OCoLC)fst01205287</subfield></datafield><datafield ind1=" " ind2="7" tag="651"><subfield code="a">New York (State)</subfield><subfield code="z">Saint Lawrence County.</subfield><subfield code="2">fast</subfield><subfield code="0">(OCoLC)fst01202920</subfield></datafield><datafield ind1=" " ind2=" " tag="752"><subfield code="a">United States</subfield><subfield code="b">New York</subfield><subfield code="c">Saint Lawrence</subfield><subfield code="d">Ogdensburg.</subfield></datafield><datafield ind1="0" ind2="0" tag="780"><subfield code="t">St. Lawrence Republican, and general advertiser</subfield><subfield code="w">(DLC)sn 85026930</subfield></datafield><datafield ind1="0" ind2="7" tag="785"><subfield code="t">Weekly journal (Ogdensburg, N.Y.)</subfield><subfield code="w">(DLC)sn 83031467</subfield></datafield><datafield ind1="0" ind2="7" tag="785"><subfield code="t">St. Lawrence Republican and Ogdensburgh weekly journal</subfield><subfield code="w">(DLC)sn 83031416</subfield></datafield></record>